2813 4861
355 642 360 646 ,
613 453 1897 655 PRAEFAmo,

212 970 475 1097 CUM
517 1020 792 1103 Jusrxm
837 1022 1124 1109 Epitome
1171 1026 1452 1090 omnium
1495 1036 1725 1101 teratur
1786 1022 2061 1107 quotidie
2124 1022 2319 1088 mani-

201 1124 346 1203 buS,
411 1148 535 1191 non
582 1120 668 1186 est
713 1120 813 1187 hic
857 1147 1058 1210 operae
1103 1128 1392 1211 pretium,
1454 1126 1767 1189 Caunum
1811 1120 2087 1188 Laeron
2130 1126 2322 1209 expli·-
2394 1136 2398 1141 ’

203 1242 336 1287 care
381 1224 616 1299 multis,
670 1242 936 1305 quorum
993 1228 1096 1291 ille
1130 1224 1415 1313 Regum,
1482 1218 1819 1309 quarumve
1864 1222 2180 1285 nationum
2226 1242 2325 1287 res

202 1322 395 1407 gestas
427 1324 785 1409 complexus
815 1312 1022 1391 fuerit.
1068 1325 1228 1417 Qis
1248 1321 1438 1405 enim,
1482 1310 1579 1389 v'el
1610 1322 1819 1387 leviter
1847 1326 2146 1400 eruditum
2172 1322 2325 1387 ‘nes-

202 1422 322 1486 ciat
351 1424 644 1509 scriptam¹
673 1424 768 1490 'ab
799 1448 874 1491 eo
927 1430 1208 1493 omnium
1239 1429 1366 1492 fere
1397 1426 1679 1513 gentium
1708 1420 2069 1488 historiam?
2114 1424 2199 1487 ita
2228 1440 2321 1489 ta-

203 1542 344 1584 men
365 1538 448 1586 ·ut
479 1524 896 1607 Macedonum
927 1532 1232 1615 praecipue
1267 1521 1771 1611 ‘Graecorumque
1802 1524 2130 1609 imperium
2158 1526 2321 1589 cele·
2354 1584 2365 1598 ,

201 1618 501 1687 brandum
534 1626 636 1689 fibi
667 1630 1088 1729 proposuerit·
1073 1674 1094 1707 ,
1141 1630 1399 1694 aliorum
1430 1624 1582 1691 vero
1614 1626 1984 1711 populorum
2017 1622 2162 1688 ideo
2184 1642 2323 1687 tan-

204 1716 341 1783 tum
367 1724 632 1809 attigerit
653 1730 938 1811 praeclare
967 1730 1154 1829 gesta,
1185 1751 1262 1792 ne
1287 1726 1707 1793 Macedonum
1730 1724 1997 1804 historia,
2038 1728 2113 1789 ad
2134 1746 2321 1815 quam
2396 1768 2408 1775 -

204 1818 306 1883 illa
339 1826 606 1889 naturali
633 1830 900 1911 quodam
933 1850 1096 1892 nexu
1149 1829 1483 1924 pertinent,
1528 1828 1623 1888 vel
1671 1824 1923 1889 obscura
1967 1826 2062 1888 vel
2104 1824 2319 1887 mutila
2355 1906 2360 1910 .
2452 1830 2455 1835 '

202 1920 530 1988 videretur.
578 1928 682 1987 An
711 1928 852 2009 plus
880 1928 1156 1990 utilitatis
1186 1948 1376 2011 quam
1403 1925 1614 1987 damni
1643 1926 1730 1985 rei
1780 1917 2057 1989 literatiae
2100 1922 2220 1984 hoc
2252 1941 2323 1983 o-

187 2031 348 2104 pere
377 2024 666 2099 attulerit,
713 2023 1056 2088 incertum·
1041 2069 1061 2100 ,
1107 2048 1253 2089 curn
1283 2022 1493 2090 omnia
1513 2021 1752 2085 fuerit
1727 2045 1761 2083 a
1788 2004 2004 2107 Trogo
2024 2018 2322 2103 Pompeio

121 2148 130 2155 ·
203 2136 565 2185 mutuatus:
612 2124 654 2187 fi
705 2122 1010 2209 Trogum,
1054 2142 1123 2190 ut
1152 2128 1349 2211 placet
1408 2124 1741 2199 nonnulliS,
1788 2122 1852 2187 in
1883 2122 2321 2229 compendium

201 2220 523 2285 redaetum
554 2224 629 2287 ab
680 2225 932 2303 interitu
985 2226 1332 2301 vindicavit,
1380 2225 1471 2287 illi
1514 2224 1677 2301 sane,
1721 2220 1866 2286 cum
1895 2212 2143 2307 Trogus
2176 2220 2322 2305 ipse,

203 2332 340 2381 tum
371 2323 592 2386 eruditi
615 2344 835 2403 omnes
888 2326 1109 2389 debent
1163 2320 1503 2410 plurimum
1530 2347 1547 2386 :
1594 2324 1633 2385 fi
1666 2322 1813 2387 vero
1870 2322 1985 2387 hac
2040 2318 2322 2405 Epitome

200 2419 444 2488 saelum
476 2425 564 2501 fit,
611 2426 758 2490 ficut
789 2428 1024 2492 malunt
1059 2429 1186 2504 alii,
1231 2445 1300 2491 ut
1331 2412 1595 2491 historiae
1622 2422 1841 2510 Trogi,
1890 2426 2003 2487 sive
2032 2424 2111 2488 ob
2142 2420 2327 2486 nimi-

203 2545 306 2618 am
341 2524 566 2588 molem
598 2529 918 2613 negieEiae,
965 2531 1078 2594 five
1097 2529 1319 2612 Justini
1350 2529 1556 2612 ipfiuS,
1601 2529 1767 2612 quod
1797 2524 1898 2586 vix
1928 2539 2164 2607 putem,
2208 2520 2327 2584 ini-

205 2619 440 2708 quitate
470 2627 788 2711 suppress'ae
839 2633 1174 2716 perierint;
1222 2651 1346 2694 non
1400 2625 1855 2714 dubiumquin
1887 2621 2184 2706 justinus,
2228 2621 2328 2684 vel

201 2718 273 2784 in
305 2722 591 2810 Trogum
609 2727 815 2804 fuerit,
863 2731 894 2792 Ξ
922 2753 1048 2817 quo
1071 2733 1280 2796 omnia
1304 2723 1640 2814 acceperat,
1660 2727 2058 2814 *periniquum
2081 2723 2181 2786 vel
2212 2721 2326 2784 sal-

207 2841 336 2888 tem
359 2826 436 2887 de
467 2828 702 2910 cupidis
725 2829 988 2894 historiae
1023 2831 1374 2894 hominibus
1399 2827 1558 2892 male
1596 2826 1848 2890 meritus
1882 2827 1969 2888 fit.
2014 2821 2183 2885 Utut
2214 2818 2326 2898 est,

206 2941 286 2984 ex
319 2939 410 2986 tot
444 2923 741 3010 tantisque
783 2927 1062 3012 Pompeii
1093 2930 1258 2992 libris
1291 2929 1444 2990 nihil
1467 2926 1642 2990 nobis
1669 2925 1972 3008 reliquum
2018 2921 2157 2994 em·
2172 2940 2329 3004 prae-

207 3037 303 3086 ter
323 3021 481 3087 hanc
502 3025 1067 3114 Epitomen,quam,
1085 3032 1244 3116 juffu
1268 3025 1529 3092 REGIS
1553 3021 1907 3089 CHRISTI
1918 3016 2329 3103 ANISSIMI

206 3115 273 3178 in
310 3119 484 3183 usum
517 3121 946 3191 ὃιῑιιειιιεειινιι
981 3129 1358 3220 DELPfflNJ’.
1401 3125 1589 3190 Notis
1618 3125 2039 3189 illustrandum
2069 3117 2330 3201 suscepi-'-

207 3240 370 3282 mus,
509 3223 592 3286 ιιὸ
624 3227 768 3289 verb
803 3231 1096 3314 majorem
1125 3252 1198 3292 ex
1231 3215 1433 3293 labore
1474 3225 1675 3289 nostro
1706 3225 1983 3291 {ruitum
2010 3219 2327 3306 percipiaS,

210 3319 448 3384 Amce
477 3323 778 3416 Lem-qu,
825 3350 962 3433 quae
995 3331 1063 3394 fit
1086 3331 1307 3394 horum
1321 3327 1928 3394 Commentariorum
1952 3325 2133 3402 ratio,
2178 3341 2329 3408 pau-.-
2426 3407 2430 3414 .

207 3421 298 3484 cis
329 3425 552 3508 accipe.

303 3521 482 3591 Hoc'
469 3546 528 3589 in
562 3546 744 3610 opere
759 3527 1106 3591 addidimus
1121 3507 1274 3588 tria·
1261 3567 1280 3596 ,
1305 3525 1898 3612 interpretationem,
1920 3499 2331 3606 Chronologi-

209 3645 340 3698 am,
391 3627 450 3687 &
483 3625 696 3690 Notas.
744 3623 1048 3704 Primum,
1077 3629 1344 3690 obscuris
1367 3628 1779 3692 locutionibus
1814 3626 2118 3698 clariores,
2164 3638 2329 3684 tran-

211 3723 488 3810 ssatisque
520 3727 1272 3810 proprias‘substituimun
1320 3747 1442 3789 non
1470 3728 1551 3792 ita
1576 3743 1779 3790 tamen
1814 3743 1882 3788 ut
1908 3721 2329 3805 interpretatio

211 3827 357 3890 effet
375 3829 665 3892 continua
691 3854 711 3903 3
757 3827 874 3892 hoc
899 3831 1060 3892 enim
1088 3833 1148 3892 δε
1176 3826 1441 3890 maxime
1464 3827 1783 3912 operosum
1816 3829 1873 3889 δε
1909 3823 2165 3888 omnino
2188 3823 2331 3890 inu,-

213 3913 321 3992 tiie
353 3927 870 4002 visum-est,.cum
901 3931 962 3992 in
993 3929 1234 4012 Justino
1255 3925 1543 4013 pleraque
1576 3931 1756 4012 plana
1788 3922 1931 4001 finf,
1968 3929 2042 3990 ad
2076 3927 2333 4012 pagina'·
2362 3931 2377 3958 ⁸

2350 2995 2407 3025 Ὗ

217 4050 526 4111 rumloras
558 4030 970 4148 adseripsirnus
1001 4053 1016 4094 :
1061 4052 1136 4092 ne
1169 4027 1314 4092 vero
1347 4028 1675 4090 multitudo
1708 4027 2062 4089 memoriam
2110 4028 2334 4116 obrue7

216 4145 310 4188 ret
341 4125 548 4211 potius
578 4151 762 4210 quam
797 4129 1054 4212 juvaret,
1105 4145 1366 4210 quatuor
1399 4121 1770 4214 potiffimum
1815 4123 2133 4206 selegimus
2168 4123 2337 4206 Epo·

221 4225 388 4300 chas,
435 4249 572 4311 quae
609 4232 666 4291 &
703 4246 870 4294 notae
892 4229 1185 4314 pluribus,
1236 4233 1293 4293 δε
1331 4227 1610 4294 omnium
1666 4223 1925 4293 maximi}
1958 4225 2095 4286 sunt
2127 4225 2335 4286 neces-

1271 4359 1301 4365 —
1701 4377 1705 4382 .
2126 4320 2332 4385 sariae·
2318 4363 2339 4395 ,
2393 4353 2397 4358 ·
